{
  "leader": "04485cam a2200589 a 4500",
  "fields": [
    {
      "001": "ocm40545021\\"
    },
    {
      "003": "OCoLC"
    },
    {
      "005": "20221212125907.0"
    },
    {
      "008": "040903s1998\\\\\\\\ne\\a\\\\\\\\\\b\\\\\\\\001\\0\\eng\\d"
    },
    {
      "010": {
        "ind1": "\\",
        "ind2": "\\",
        "subfields": [
          {
            "a": "  2004351653"
          }
        ]
      }
    },
    {
      "040": {
        "ind1": "\\",
        "ind2": "\\",
        "subfields": [
          {
            "a": "CGU"
          },
          {
            "b": "eng"
          },
          {
            "c": "DLC"
          },
          {
            "d": "CGU"
          },
          {
            "d": "STF"
          },
          {
            "d": "OHX"
          },
          {
            "d": "EL{dollar}"
          },
          {
            "d": "CLU"
          },
          {
            "d": "NLGGC"
          },
          {
            "d": "BAKER"
          },
          {
            "d": "BTCTA"
          },
          {
            "d": "YDXCP"
          },
          {
            "d": "CUI"
          },
          {
            "d": "GEBAY"
          },
          {
            "d": "HDC"
          },
          {
            "d": "DEBBG"
          },
          {
            "d": "OCLCO"
          },
          {
            "d": "OCLCQ"
          },
          {
            "d": "OCLCO"
          },
          {
            "d": "OCLCF"
          },
          {
            "d": "UMK"
          },
          {
            "d": "OCLCQ"
          },
          {
            "d": "OCLCA"
          },
          {
            "d": "L2U"
          },
          {
            "d": "OCLCO"
          },
          {
            "d": "FLWVS"
          }
        ]
      }
    },
    {
      "019": {
        "ind1": "\\",
        "ind2": "\\",
        "subfields": [
          {
            "a": "58648300"
          },
          {
            "a": "426458388"
          },
          {
            "a": "1008030957"
          }
        ]
      }
    },
    {
      "020": {
        "ind1": "\\",
        "ind2": "\\",
        "subfields": [
          {
            "a": "9057005190"
          }
        ]
      }
    },
    {
      "020": {
        "ind1": "\\",
        "ind2": "\\",
        "subfields": [
          {
            "a": "9789057005190"
          }
        ]
      }
    },
    {
      "035": {
        "ind1": "\\",
        "ind2": "\\",
        "subfields": [
          {
            "a": "(OCoLC)40545021"
          },
          {
            "z": "(OCoLC)58648300"
          },
          {
            "z": "(OCoLC)426458388"
          },
          {
            "z": "(OCoLC)1008030957"
          }
        ]
      }
    },
    {
      "042": {
        "ind1": "\\",
        "ind2": "\\",
        "subfields": [
          {
            "a": "lccopycat"
          }
        ]
      }
    },
    {
      "043": {
        "ind1": "\\",
        "ind2": "\\",
        "subfields": [
          {
            "a": "a-cc-pe"
          }
        ]
      }
    },
    {
      "050": {
        "ind1": "0",
        "ind2": "0",
        "subfields": [
          {
            "a": "DS795.6.Y8"
          },
          {
            "b": "T45 1998"
          }
        ]
      }
    },
    {
      "072": {
        "ind1": "\\",
        "ind2": "7",
        "subfields": [
          {
            "a": "N"
          },
          {
            "2": "lcco"
          }
        ]
      }
    },
    {
      "082": {
        "ind1": "0",
        "ind2": "0",
        "subfields": [
          {
            "a": "951.156032"
          },
          {
            "b": "THI"
          }
        ]
      }
    },
    {
      "100": {
        "ind1": "1",
        "ind2": "\\",
        "subfields": [
          {
            "a": "Thiriez, Re\u0301gine."
          }
        ]
      }
    },
    {
      "245": {
        "ind1": "1",
        "ind2": "0",
        "subfields": [
          {
            "a": "Barbarian lens :"
          },
          {
            "b": "western photographers of the Qianlong emperor's European palaces /"
          },
          {
            "c": "Re\u0301gine Thiriez."
          }
        ]
      }
    },
    {
      "260": {
        "ind1": "\\",
        "ind2": "\\",
        "subfields": [
          {
            "a": "Australia :"
          },
          {
            "b": "Gordon and Breach Publishers,"
          },
          {
            "c": "\u00a91998."
          }
        ]
      }
    },
    {
      "300": {
        "ind1": "\\",
        "ind2": "\\",
        "subfields": [
          {
            "a": "xxiii, 191 pages :"
          },
          {
            "b": "illustrations ;"
          },
          {
            "c": "26 cm"
          }
        ]
      }
    },
    {
      "336": {
        "ind1": "\\",
        "ind2": "\\",
        "subfields": [
          {
            "a": "text"
          },
          {
            "b": "txt"
          },
          {
            "2": "rdacontent"
          }
        ]
      }
    },
    {
      "337": {
        "ind1": "\\",
        "ind2": "\\",
        "subfields": [
          {
            "a": "unmediated"
          },
          {
            "b": "n"
          },
          {
            "2": "rdamedia"
          }
        ]
      }
    },
    {
      "338": {
        "ind1": "\\",
        "ind2": "\\",
        "subfields": [
          {
            "a": "volume"
          },
          {
            "b": "nc"
          },
          {
            "2": "rdacarrier"
          }
        ]
      }
    },
    {
      "490": {
        "ind1": "1",
        "ind2": "\\",
        "subfields": [
          {
            "a": "Documenting the image,"
          },
          {
            "x": "1068-6894 ;"
          },
          {
            "v": "v. 6"
          }
        ]
      }
    },
    {
      "504": {
        "ind1": "\\",
        "ind2": "\\",
        "subfields": [
          {
            "a": "Includes bibliographical references (pages 173-183) and index."
          }
        ]
      }
    },
    {
      "505": {
        "ind1": "0",
        "ind2": "0",
        "subfields": [
          {
            "g": "I"
          },
          {
            "t": "Photography, Beijing and European Palaces"
          },
          {
            "g": "1 --"
          },
          {
            "g": "1."
          },
          {
            "t": "Early Photography in Beijing, 1860-1873"
          },
          {
            "g": "3 --"
          },
          {
            "g": "2."
          },
          {
            "t": "Foreigners in Beijing, 1860-1925"
          },
          {
            "g": "17 --"
          },
          {
            "g": "3."
          },
          {
            "t": "Practicing Photography in China, 1860-1925"
          },
          {
            "g": "27 --"
          },
          {
            "g": "4."
          },
          {
            "t": "The European Palaces in the Photographers' Time"
          },
          {
            "g": "35 --"
          },
          {
            "g": "5."
          },
          {
            "t": "The European Palaces in the Eighteenth Century"
          },
          {
            "g": "49 --"
          },
          {
            "g": "6."
          },
          {
            "t": "The Rape of the Summer Palace and Its Aftermath"
          },
          {
            "g": "55 --"
          },
          {
            "g": "II"
          },
          {
            "t": "Photographers of the European Palaces"
          },
          {
            "g": "67 --"
          },
          {
            "t": "The Maritime Customs Men in the 1870s --"
          },
          {
            "g": "7."
          },
          {
            "t": "The Imperial Chinese Maritime Customs"
          },
          {
            "g": "69 --"
          },
          {
            "g": "8."
          },
          {
            "t": "Thomas Child -- The Photographer of Old Beijing"
          },
          {
            "g": "75 --"
          },
          {
            "g": "9."
          },
          {
            "t": "Ernst Ohlmer -- Sailor, Photographer, Customs Officer and Porcelain Collector"
          },
          {
            "g": "85 --"
          },
          {
            "g": "10."
          },
          {
            "t": "Theophile Piry -- Forty-Five Years in China Through a Camera Lens"
          },
          {
            "g": "93 --"
          },
          {
            "t": "From the Boxer Rebellion to the Warlords --"
          },
          {
            "g": "11."
          },
          {
            "t": "Alfons Freiherr Mumm von Schwarzenstein -- A German Envoy in 1901 China"
          },
          {
            "g": "103 --"
          },
          {
            "g": "12."
          },
          {
            "t": "From the 1911 Revolution to the Warlords"
          },
          {
            "g": "107 --"
          },
          {
            "t": "The Individuals"
          },
          {
            "g": "107 --"
          },
          {
            "t": "The Group of Photographs"
          },
          {
            "g": "114 --"
          },
          {
            "g": "Appendix 3"
          },
          {
            "t": "The European Palaces of the Yuanmingyuan: Research and Photography"
          },
          {
            "g": "129 --"
          },
          {
            "g": "Appendix 4"
          },
          {
            "t": "Paul Champion"
          },
          {
            "g": "135."
          }
        ]
      }
    },
    {
      "520": {
        "ind1": "1",
        "ind2": "\\",
        "subfields": [
          {
            "a": "\"In 1860, combined Western European armies brought ruin to the treasured Summer Palace of the Qing emperors near Beijing. However, other Westerners contributed to the garden's remembrance through their photographs of the only architecture left standing after the fire: the European Palaces built by Jesuits in the 1750s for the great Qianlong emperor. The handful of photographers who documented these ruins between 1860 and 1925 came from many different countries. Some were professionals, the majority were not, yet all contributed to the memories of a world that has come to symbolize the losses China suffered through foreign ambition.\" \"Regine Thiriez studies those photographers who provided such rare views of the European Palaces, revealing how the lives of these men in China, the interaction that took place among them, and the context of foreign presence and photography in Beijing further illuminated their work.\"--Jacket."
          }
        ]
      }
    },
    {
      "651": {
        "ind1": "\\",
        "ind2": "0",
        "subfields": [
          {
            "a": "Yuan Ming Yuan (Beijing, China)"
          }
        ]
      }
    },
    {
      "650": {
        "ind1": "\\",
        "ind2": "0",
        "subfields": [
          {
            "a": "Photographers"
          },
          {
            "z": "China"
          },
          {
            "z": "Beijing"
          },
          {
            "x": "History."
          }
        ]
      }
    },
    {
      "650": {
        "ind1": "\\",
        "ind2": "0",
        "subfields": [
          {
            "a": "Palaces"
          },
          {
            "z": "China"
          },
          {
            "y": "18th century."
          }
        ]
      }
    },
    {
      "650": {
        "ind1": "\\",
        "ind2": "0",
        "subfields": [
          {
            "a": "Architecture, Chinese"
          },
          {
            "x": "European influences."
          }
        ]
      }
    },
    {
      "650": {
        "ind1": "\\",
        "ind2": "0",
        "subfields": [
          {
            "a": "Jesuit architecture"
          },
          {
            "z": "China"
          },
          {
            "z": "Beijing."
          }
        ]
      }
    },
    {
      "651": {
        "ind1": "\\",
        "ind2": "0",
        "subfields": [
          {
            "a": "Beijing (China)"
          },
          {
            "x": "Buildings, structures, etc."
          }
        ]
      }
    },
    {
      "650": {
        "ind1": "\\",
        "ind2": "7",
        "subfields": [
          {
            "a": "Buildings."
          },
          {
            "2": "fast"
          },
          {
            "0": "(OCoLC)fst00840962"
          }
        ]
      }
    },
    {
      "650": {
        "ind1": "\\",
        "ind2": "7",
        "subfields": [
          {
            "a": "Jesuit architecture."
          },
          {
            "2": "fast"
          },
          {
            "0": "(OCoLC)fst00982344"
          }
        ]
      }
    },
    {
      "650": {
        "ind1": "\\",
        "ind2": "7",
        "subfields": [
          {
            "a": "Palaces."
          },
          {
            "2": "fast"
          },
          {
            "0": "(OCoLC)fst01051243"
          }
        ]
      }
    },
    {
      "650": {
        "ind1": "\\",
        "ind2": "7",
        "subfields": [
          {
            "a": "Photographers."
          },
          {
            "2": "fast"
          },
          {
            "0": "(OCoLC)fst01061605"
          }
        ]
      }
    },
    {
      "651": {
        "ind1": "\\",
        "ind2": "7",
        "subfields": [
          {
            "a": "China."
          },
          {
            "2": "fast"
          },
          {
            "0": "(OCoLC)fst01206073"
          }
        ]
      }
    },
    {
      "651": {
        "ind1": "\\",
        "ind2": "7",
        "subfields": [
          {
            "a": "China"
          },
          {
            "z": "Beijing."
          },
          {
            "2": "fast"
          },
          {
            "0": "(OCoLC)fst01205740"
          }
        ]
      }
    },
    {
      "651": {
        "ind1": "\\",
        "ind2": "7",
        "subfields": [
          {
            "a": "China"
          },
          {
            "z": "Beijing"
          },
          {
            "z": "Yuan Ming Yuan."
          },
          {
            "2": "fast"
          },
          {
            "0": "(OCoLC)fst01316753"
          }
        ]
      }
    },
    {
      "648": {
        "ind1": "\\",
        "ind2": "7",
        "subfields": [
          {
            "a": "1700-1799"
          },
          {
            "2": "fast"
          }
        ]
      }
    },
    {
      "655": {
        "ind1": "\\",
        "ind2": "7",
        "subfields": [
          {
            "a": "History."
          },
          {
            "2": "fast"
          },
          {
            "0": "(OCoLC)fst01411628"
          }
        ]
      }
    },
    {
      "830": {
        "ind1": "\\",
        "ind2": "0",
        "subfields": [
          {
            "a": "Documenting the image ;"
          },
          {
            "v": "v. 6."
          },
          {
            "x": "1068-6894"
          }
        ]
      }
    },
    {
      "856": {
        "ind1": "4",
        "ind2": "2",
        "subfields": [
          {
            "3": "Book review (H-Net)"
          },
          {
            "u": "http://www.h-net.org/reviews/showrev.php?id=3750"
          }
        ]
      }
    },
    {
      "856": {
        "ind1": "4",
        "ind2": "2",
        "subfields": [
          {
            "3": "Publisher description"
          },
          {
            "u": "http://catdir.loc.gov/catdir/enhancements/fy0653/2004351653-d.html"
          }
        ]
      }
    },
    {
      "994": {
        "ind1": "\\",
        "ind2": "\\",
        "subfields": [
          {
            "a": "Z0"
          },
          {
            "b": "NYRVC"
          }
        ]
      }
    },
    {
      "948": {
        "ind1": "\\",
        "ind2": "\\",
        "subfields": [
          {
            "h": "NO HOLDINGS IN NYRVC - 183 OTHER HOLDINGS"
          }
        ]
      }
    },
    {
      "999": {
        "ind1": "\\",
        "ind2": "\\",
        "subfields": [
          {
            "a": "00000000010767"
          }
        ]
      }
    }
  ]
}